<collection xmlns="http://www.loc.gov/MARC21/slim">
<record>
  <leader>01004nam0a22002171i 450 </leader>
  <controlfield tag="001">IT\ICCU\CNCE\073237</controlfield>
  <controlfield tag="005">20111004000000.0</controlfield>
  <datafield tag="012" ind1=" " ind2=" ">
    <subfield code="a">a-,&amp; tasi dili t-ra (C) 1591 (A)</subfield>
    <subfield code="2">fei</subfield>
  </datafield>
  <datafield tag="100" ind1=" " ind2=" ">
    <subfield code="a">20080725d1591        0itac0103    ba</subfield>
  </datafield>
  <datafield tag="101" ind1=" " ind2=" ">
    <subfield code="a">ITA</subfield>
  </datafield>
  <datafield tag="102" ind1=" " ind2=" ">
    <subfield code="a">IT</subfield>
  </datafield>
  <datafield tag="200" ind1="1" ind2=" ">
    <subfield code="a">Vera relatione della prigionia, &amp; liberatione del duca du Guysa, dal castello, &amp; citt ̉di Torsi, alli XV d&apos;agosto passato, giorno della festa dell&apos;Assontione della gloriosissima Vergine</subfield>
  </datafield>
  <datafield tag="210" ind1=" " ind2=" ">
    <subfield code="a">Stampata in Perugia</subfield>
    <subfield code="c">per Pietropaolo Orlando</subfield>
    <subfield code="d">1591</subfield>
  </datafield>
  <datafield tag="215" ind1=" " ind2=" ">
    <subfield code="a">\4! c.</subfield>
    <subfield code="d">4ʻ</subfield>
  </datafield>
  <datafield tag="620" ind1=" " ind2=" ">
    <subfield code="a">IT</subfield>
    <subfield code="d">Perugia</subfield>
  </datafield>
  <datafield tag="712" ind1="0" ind2="0">
    <subfield code="a">Orlando, Pietro Paolo</subfield>
    <subfield code="3">IT\ICCU\CNCT\000812</subfield>
    <subfield code="4">650</subfield>
  </datafield>
  <datafield tag="791" ind1="0" ind2="0">
    <subfield code="a">Orlandi, Pietro Paolo</subfield>
    <subfield code="3">IT\ICCU\CNCT\002449</subfield>
    <subfield code="z">Orlando, Pietro Paolo</subfield>
  </datafield>
  <datafield tag="791" ind1="0" ind2="0">
    <subfield code="a">Orlandus, Petruspaulus</subfield>
    <subfield code="3">IT\ICCU\CNCT\005162</subfield>
    <subfield code="z">Orlando, Pietro Paolo</subfield>
  </datafield>
  <datafield tag="791" ind1="0" ind2="0">
    <subfield code="a">Orlandius, Petrus Paulus</subfield>
    <subfield code="3">IT\ICCU\CNCT\005163</subfield>
    <subfield code="z">Orlando, Pietro Paolo</subfield>
  </datafield>
  <datafield tag="801" ind1=" " ind2="3">
    <subfield code="a">IT</subfield>
    <subfield code="b">ICCU</subfield>
    <subfield code="c">20201115</subfield>
  </datafield>
  <datafield tag="899" ind1=" " ind2=" ">
    <subfield code="a">Biblioteca dell&apos;Accademia nazionale dei Lincei e Corsiniana. Roma</subfield>
    <subfield code="1">RM0418</subfield>
    <subfield code="2">RML 10</subfield>
  </datafield>
</record>
</collection>
